% This file was created with JabRef 2.9.2.
% Encoding: UTF-8

@BOOK{goossens93,
  title = {The LaTeX Companion},
  publisher = {Addison-Wesley},
  year = {1993},
  author = {Michel Goossens and Frank Mittelbach and Alexander Samarin},
  address = {Reading, Massachusetts}
}

@BOOK{Syropoulos,
  title = {Ψηφιακή τυπογραφία με το XeLaTeX},
  publisher = {Επίκεντρο},
  year = {2011},
  author = {Απόστολος Συρόπουλος},
  address = {Αθήνα}
}

@MISC{JABREF,
  title = {JabRef},
  owner = {george},
  timestamp = {2018.02.08},
  url = {http://www.jabref.org/},
  urldate = {2017-02-08}
}

